<record><leader>00000cas a22000007a 4500</leader><controlfield tag="001">15873380</controlfield><controlfield tag="008">870610d18881893paudn ne      0    0eng d</controlfield><datafield ind1=" " ind2=" " tag="010"><subfield code="a">sn 87078235 </subfield></datafield><datafield ind1=" " ind2=" " tag="040"><subfield code="a">NPH</subfield><subfield code="b">eng</subfield><subfield code="c">NPH</subfield><subfield code="d">OCLCQ</subfield></datafield><datafield ind1=" " ind2=" " tag="042"><subfield code="a">msc</subfield></datafield><datafield ind1="0" ind2=" " tag="130"><subfield code="a">Evening standard (Uniontown, Pa. : 1888)</subfield></datafield><datafield ind1="1" ind2="4" tag="245"><subfield code="a">The evening standard.</subfield></datafield><datafield ind1=" " ind2=" " tag="260"><subfield code="a">Uniontown, Pa. :</subfield><subfield code="b">[J.K. Ewing, Jr. &amp; O.J. Sturgis]</subfield></datafield><datafield ind1=" " ind2=" " tag="300"><subfield code="a">5 v. :</subfield><subfield code="b">ill.</subfield></datafield><datafield ind1=" " ind2=" " tag="310"><subfield code="a">Daily (except Sun.)</subfield></datafield><datafield ind1="0" ind2=" " tag="362"><subfield code="a">[Vol. 1], no. 1 (Dec. 17, 1888)-v. 5, no. 268 (Oct. 28, 1893).</subfield></datafield><datafield ind1=" " ind2=" " tag="580"><subfield code="a">Also published in a weekly ed. called: Republican standard (Uniontown, Pa.).</subfield></datafield><datafield ind1=" " ind2=" " tag="752"><subfield code="a">United States</subfield><subfield code="b">Pennsylvania</subfield><subfield code="c">Fayette</subfield><subfield code="d">Uniontown.</subfield></datafield><datafield ind1="1" ind2=" " tag="775"><subfield code="t">Republican standard (Uniontown, Pa.)</subfield><subfield code="w">(DLC)sn 86081355</subfield></datafield><datafield ind1="0" ind2="7" tag="785"><subfield code="t">Evening news (Uniontown, Pa.)</subfield><subfield code="w">(DLC)sn 87078230</subfield></datafield><datafield ind1="0" ind2="7" tag="785"><subfield code="t">News standard (Uniontown, Pa. : Daily)</subfield><subfield code="w">(DLC)sn 87078234</subfield></datafield></record>